<?xml version="1.0" encoding="UTF-8"?><collection xmlns="http://www.loc.gov/MARC21/slim"><record><leader>00494nam--2200145-i-4500</leader><controlfield tag="001">000017380</controlfield><controlfield tag="002">20161230</controlfield><controlfield tag="005">20161230201032</controlfield><controlfield tag="008">060222s1000------------r-----000-0-eng-d</controlfield><datafield ind1=" " ind2=" " tag="080"><subfield code="a">621.039.54(043)</subfield></datafield><datafield ind1=" " ind2=" " tag="100"><subfield code="a">Ciobanu, Gheorge-dorin</subfield></datafield><datafield ind1=" " ind2=" " tag="245"><subfield code="a">Optimizarea manevrarii combustibilului la reactorii nucleari energetici cu uraniu natural si apa grea. teza</subfield></datafield><datafield ind1=" " ind2=" " tag="260"><subfield code="a">Bucuresti, Institutul De Fizica Atomica, 1998. 143 P</subfield></datafield><datafield ind1=" " ind2=" " tag="653"><subfield code="a">Nuclear Fuel, Natural Uranium, Heavy Water</subfield></datafield><datafield ind1=" " ind2=" " tag="852"><subfield code="a">80904</subfield></datafield></record></collection>